<?xml version="1.0" encoding="UTF-8"?><record xmlns="http://www.loc.gov/MARC21/slim" xmlns:cinclude="http://apache.org/cocoon/include/1.0" xmlns:zs="http://www.loc.gov/zing/srw/">
  <leader>00444nz  a2200133n  4500</leader>
  <controlfield tag="001">no2004116548</controlfield>
  <controlfield tag="003">DLC</controlfield>
  <controlfield tag="005">20041203052046.0</controlfield>
  <controlfield tag="008">041202n| acannaabn          |n ana      </controlfield>
  <datafield tag="010" ind1=" " ind2=" ">
    <subfield code="a">no2004116548</subfield>
  </datafield>
  <datafield tag="035" ind1=" " ind2=" ">
    <subfield code="a">(OCoLC)oca06506644</subfield>
  </datafield>
  <datafield tag="040" ind1=" " ind2=" ">
    <subfield code="a">DLC-OK</subfield>
    <subfield code="b">eng</subfield>
    <subfield code="c">DLC-OK</subfield>
  </datafield>
  <datafield tag="110" ind1="1" ind2=" ">
    <subfield code="a">Swaziland.</subfield>
    <subfield code="b">Commission of Enquiry into the Granting of Permits and Passports</subfield>
  </datafield>
  <datafield tag="670" ind1=" " ind2=" ">
    <subfield code="a">Report of the Commission of Enquiry into the Granting of Permits and Passports, 1995.</subfield>
  </datafield>
</record>